<?xml version="1.0" encoding="UTF-8"?><record xmlns="http://www.loc.gov/MARC21/slim" xmlns:cinclude="http://apache.org/cocoon/include/1.0" xmlns:zs="http://www.loc.gov/zing/srw/">
  <leader>00363nz  a2200133n  4500</leader>
  <controlfield tag="001">nb2005019942</controlfield>
  <controlfield tag="003">DLC</controlfield>
  <controlfield tag="005">20051215051439.0</controlfield>
  <controlfield tag="008">051214n| acannaabn          |n aaa      </controlfield>
  <datafield tag="010" ind1=" " ind2=" ">
    <subfield code="a">nb2005019942</subfield>
  </datafield>
  <datafield tag="035" ind1=" " ind2=" ">
    <subfield code="a">(Uk)006352390</subfield>
  </datafield>
  <datafield tag="040" ind1=" " ind2=" ">
    <subfield code="a">Uk</subfield>
    <subfield code="b">eng</subfield>
    <subfield code="c">Uk</subfield>
  </datafield>
  <datafield tag="100" ind1="1" ind2=" ">
    <subfield code="a">Dolan, Joyce</subfield>
  </datafield>
  <datafield tag="670" ind1=" " ind2=" ">
    <subfield code="a">Collingbourne Ducis alternative censuses, 2004:</subfield>
    <subfield code="b">inside front cover (Joyce Dolan)</subfield>
  </datafield>
</record>